@misc{elec1601_notes,
  title = {ELEC1601 Canvas homepage},
  howpublished = {\url{https://canvas.sydney.edu.au/courses/52848/pages/weeks-2-and-3-lab-exercise-1-intro-leds-interrupts?module_item_id=2053576n}},
  note = {Accessed: 2023-09-05}
}


@misc{ArduinoOfficialDocs,
  author = {B\_E\_N},
  title = {What is an Arduino?},
  howpublished = {\url{https://learn.sparkfun.com/tutorials/what-is-an-arduino/all}},
  note = {Accessed: 2023-09-05}
}

@online{ArduinoSoftware,
  author    = {Karl S{\"o}derby and Jacob Hyl{\'e}n},
  title     = {Getting Started with Arduino IDE 2.0},
  year      = {2023},
  howpublished       = {\url{https://docs.arduino.cc/software/ide-v2/tutorials/getting-started-ide-v2}},
  note      = {Last revised: 2023-09-06},
}


@online{ElectronicHub7Segment,
  title = {Title of the Page},
  url = {https://www.electronicshub.org/?s=7-segment},
  note = {Accessed: yyyy-mm-dd}
}

@inbook{AllAboutCircuits,
author = {Kouroupetroglou, Georgios},
year = {2009},
month = {01},
pages = {1-19},
title = {Universal Access in Public Terminals: Information Kiosks and ATMs},
isbn = {978-0-8058-6280-5}
}





